%YAML 1.1
%TAG !u! tag:unity3d.com,2011:
--- !u!1 &112288
GameObject:
  m_ObjectHideFlags: 0
  m_PrefabParentObject: {fileID: 0}
  m_PrefabInternal: {fileID: 100100000}
  serializedVersion: 4
  m_Component:
  - 4: {fileID: 456932}
  - 114: {fileID: 11455300}
  m_Layer: 8
  m_Name: number
  m_TagString: Untagged
  m_Icon: {fileID: 0}
  m_NavMeshLayer: 0
  m_StaticEditorFlags: 0
  m_IsActive: 0
--- !u!1 &113176
GameObject:
  m_ObjectHideFlags: 0
  m_PrefabParentObject: {fileID: 0}
  m_PrefabInternal: {fileID: 100100000}
  serializedVersion: 4
  m_Component:
  - 4: {fileID: 436926}
  - 114: {fileID: 11468646}
  m_Layer: 8
  m_Name: Title
  m_TagString: Untagged
  m_Icon: {fileID: 0}
  m_NavMeshLayer: 0
  m_StaticEditorFlags: 0
  m_IsActive: 0
--- !u!1 &114198
GameObject:
  m_ObjectHideFlags: 0
  m_PrefabParentObject: {fileID: 0}
  m_PrefabInternal: {fileID: 100100000}
  serializedVersion: 4
  m_Component:
  - 4: {fileID: 423592}
  - 114: {fileID: 11441434}
  - 114: {fileID: 11446288}
  m_Layer: 8
  m_Name: UIGrid
  m_TagString: Untagged
  m_Icon: {fileID: 0}
  m_NavMeshLayer: 0
  m_StaticEditorFlags: 0
  m_IsActive: 0
--- !u!1 &128808
GameObject:
  m_ObjectHideFlags: 0
  m_PrefabParentObject: {fileID: 0}
  m_PrefabInternal: {fileID: 100100000}
  serializedVersion: 4
  m_Component:
  - 4: {fileID: 493044}
  - 114: {fileID: 11408974}
  - 65: {fileID: 6549982}
  - 114: {fileID: 11406924}
  - 114: {fileID: 11422930}
  m_Layer: 8
  m_Name: Skip Btn
  m_TagString: Untagged
  m_Icon: {fileID: 0}
  m_NavMeshLayer: 0
  m_StaticEditorFlags: 0
  m_IsActive: 0
--- !u!1 &130156
GameObject:
  m_ObjectHideFlags: 0
  m_PrefabParentObject: {fileID: 0}
  m_PrefabInternal: {fileID: 100100000}
  serializedVersion: 4
  m_Component:
  - 4: {fileID: 450006}
  - 114: {fileID: 11490272}
  m_Layer: 8
  m_Name: bg
  m_TagString: Untagged
  m_Icon: {fileID: 0}
  m_NavMeshLayer: 0
  m_StaticEditorFlags: 0
  m_IsActive: 1
--- !u!1 &138892
GameObject:
  m_ObjectHideFlags: 0
  m_PrefabParentObject: {fileID: 0}
  m_PrefabInternal: {fileID: 100100000}
  serializedVersion: 4
  m_Component:
  - 4: {fileID: 449596}
  - 114: {fileID: 11481284}
  - 54: {fileID: 5442468}
  m_Layer: 8
  m_Name: Page 1
  m_TagString: Untagged
  m_Icon: {fileID: 0}
  m_NavMeshLayer: 0
  m_StaticEditorFlags: 0
  m_IsActive: 0
--- !u!1 &147794
GameObject:
  m_ObjectHideFlags: 0
  m_PrefabParentObject: {fileID: 0}
  m_PrefabInternal: {fileID: 100100000}
  serializedVersion: 4
  m_Component:
  - 4: {fileID: 430794}
  - 114: {fileID: 11422174}
  - 65: {fileID: 6582406}
  - 114: {fileID: 11453172}
  - 114: {fileID: 11489152}
  m_Layer: 8
  m_Name: OK Btn
  m_TagString: Untagged
  m_Icon: {fileID: 0}
  m_NavMeshLayer: 0
  m_StaticEditorFlags: 0
  m_IsActive: 0
--- !u!1 &170146
GameObject:
  m_ObjectHideFlags: 0
  m_PrefabParentObject: {fileID: 0}
  m_PrefabInternal: {fileID: 100100000}
  serializedVersion: 4
  m_Component:
  - 4: {fileID: 446938}
  - 114: {fileID: 11435336}
  m_Layer: 8
  m_Name: Content
  m_TagString: Untagged
  m_Icon: {fileID: 0}
  m_NavMeshLayer: 0
  m_StaticEditorFlags: 0
  m_IsActive: 0
--- !u!1 &178632
GameObject:
  m_ObjectHideFlags: 1
  m_PrefabParentObject: {fileID: 0}
  m_PrefabInternal: {fileID: 100100000}
  serializedVersion: 4
  m_Component:
  - 4: {fileID: 499070}
  - 114: {fileID: 11400748}
  - 65: {fileID: 6588736}
  - 114: {fileID: 11483194}
  - 114: {fileID: 11416936}
  m_Layer: 8
  m_Name: OK Btn (1)
  m_TagString: Untagged
  m_Icon: {fileID: 0}
  m_NavMeshLayer: 0
  m_StaticEditorFlags: 0
  m_IsActive: 1
--- !u!1 &181606
GameObject:
  m_ObjectHideFlags: 1
  m_PrefabParentObject: {fileID: 0}
  m_PrefabInternal: {fileID: 100100000}
  serializedVersion: 4
  m_Component:
  - 4: {fileID: 492904}
  - 114: {fileID: 11408054}
  - 65: {fileID: 6549154}
  - 114: {fileID: 11403506}
  - 114: {fileID: 11420902}
  m_Layer: 8
  m_Name: Skip Btn (1)
  m_TagString: Untagged
  m_Icon: {fileID: 0}
  m_NavMeshLayer: 0
  m_StaticEditorFlags: 0
  m_IsActive: 0
--- !u!4 &423592
Transform:
  m_ObjectHideFlags: 1
  m_PrefabParentObject: {fileID: 0}
  m_PrefabInternal: {fileID: 100100000}
  m_GameObject: {fileID: 114198}
  m_LocalRotation: {x: 0, y: 0, z: 0, w: 1}
  m_LocalPosition: {x: 0, y: -226, z: 0}
  m_LocalScale: {x: 1, y: 1, z: 1}
  m_Children:
  - {fileID: 499070}
  - {fileID: 492904}
  m_Father: {fileID: 449596}
  m_RootOrder: 6
--- !u!4 &430794
Transform:
  m_ObjectHideFlags: 1
  m_PrefabParentObject: {fileID: 0}
  m_PrefabInternal: {fileID: 100100000}
  m_GameObject: {fileID: 147794}
  m_LocalRotation: {x: 0, y: 0, z: 0, w: 1}
  m_LocalPosition: {x: -100, y: -226, z: 0}
  m_LocalScale: {x: 1, y: 1, z: 1}
  m_Children: []
  m_Father: {fileID: 449596}
  m_RootOrder: 2
--- !u!4 &436926
Transform:
  m_ObjectHideFlags: 1
  m_PrefabParentObject: {fileID: 0}
  m_PrefabInternal: {fileID: 100100000}
  m_GameObject: {fileID: 113176}
  m_LocalRotation: {x: 0, y: 0, z: 0, w: 1}
  m_LocalPosition: {x: 15, y: 223, z: 0}
  m_LocalScale: {x: 1, y: 1, z: 1}
  m_Children: []
  m_Father: {fileID: 449596}
  m_RootOrder: 0
--- !u!4 &446938
Transform:
  m_ObjectHideFlags: 1
  m_PrefabParentObject: {fileID: 0}
  m_PrefabInternal: {fileID: 100100000}
  m_GameObject: {fileID: 170146}
  m_LocalRotation: {x: 0, y: 0, z: 0, w: 1}
  m_LocalPosition: {x: 0, y: -19, z: 0}
  m_LocalScale: {x: 1, y: 1, z: 1}
  m_Children: []
  m_Father: {fileID: 449596}
  m_RootOrder: 1
--- !u!4 &449596
Transform:
  m_ObjectHideFlags: 1
  m_PrefabParentObject: {fileID: 0}
  m_PrefabInternal: {fileID: 100100000}
  m_GameObject: {fileID: 138892}
  m_LocalRotation: {x: 0, y: 0, z: 0, w: 1}
  m_LocalPosition: {x: 0, y: 0, z: 0}
  m_LocalScale: {x: 1, y: 1, z: 1}
  m_Children:
  - {fileID: 436926}
  - {fileID: 446938}
  - {fileID: 430794}
  - {fileID: 450006}
  - {fileID: 456932}
  - {fileID: 493044}
  - {fileID: 423592}
  m_Father: {fileID: 0}
  m_RootOrder: 0
--- !u!4 &450006
Transform:
  m_ObjectHideFlags: 1
  m_PrefabParentObject: {fileID: 0}
  m_PrefabInternal: {fileID: 100100000}
  m_GameObject: {fileID: 130156}
  m_LocalRotation: {x: 0, y: 0, z: 0, w: 1}
  m_LocalPosition: {x: 0, y: 0, z: 0}
  m_LocalScale: {x: 1, y: 1, z: 1}
  m_Children: []
  m_Father: {fileID: 449596}
  m_RootOrder: 3
--- !u!4 &456932
Transform:
  m_ObjectHideFlags: 1
  m_PrefabParentObject: {fileID: 0}
  m_PrefabInternal: {fileID: 100100000}
  m_GameObject: {fileID: 112288}
  m_LocalRotation: {x: 0, y: 0, z: 0, w: 1}
  m_LocalPosition: {x: 369.2505, y: -300, z: 0}
  m_LocalScale: {x: 1, y: 1, z: 1}
  m_Children: []
  m_Father: {fileID: 449596}
  m_RootOrder: 4
--- !u!4 &492904
Transform:
  m_ObjectHideFlags: 1
  m_PrefabParentObject: {fileID: 0}
  m_PrefabInternal: {fileID: 100100000}
  m_GameObject: {fileID: 181606}
  m_LocalRotation: {x: 0, y: 0, z: 0, w: 1}
  m_LocalPosition: {x: 100, y: 0, z: 0}
  m_LocalScale: {x: 1, y: 1, z: 1}
  m_Children: []
  m_Father: {fileID: 423592}
  m_RootOrder: 1
--- !u!4 &493044
Transform:
  m_ObjectHideFlags: 1
  m_PrefabParentObject: {fileID: 0}
  m_PrefabInternal: {fileID: 100100000}
  m_GameObject: {fileID: 128808}
  m_LocalRotation: {x: 0, y: 0, z: 0, w: 1}
  m_LocalPosition: {x: 100, y: -226, z: 0}
  m_LocalScale: {x: 1, y: 1, z: 1}
  m_Children: []
  m_Father: {fileID: 449596}
  m_RootOrder: 5
--- !u!4 &499070
Transform:
  m_ObjectHideFlags: 1
  m_PrefabParentObject: {fileID: 0}
  m_PrefabInternal: {fileID: 100100000}
  m_GameObject: {fileID: 178632}
  m_LocalRotation: {x: 0, y: 0, z: 0, w: 1}
  m_LocalPosition: {x: 0, y: -0, z: 0}
  m_LocalScale: {x: 1, y: 1, z: 1}
  m_Children: []
  m_Father: {fileID: 423592}
  m_RootOrder: 0
--- !u!54 &5442468
Rigidbody:
  m_ObjectHideFlags: 1
  m_PrefabParentObject: {fileID: 0}
  m_PrefabInternal: {fileID: 100100000}
  m_GameObject: {fileID: 138892}
  serializedVersion: 2
  m_Mass: 1
  m_Drag: 0
  m_AngularDrag: 0.05
  m_UseGravity: 0
  m_IsKinematic: 1
  m_Interpolate: 0
  m_Constraints: 0
  m_CollisionDetection: 0
--- !u!65 &6549154
BoxCollider:
  m_ObjectHideFlags: 1
  m_PrefabParentObject: {fileID: 0}
  m_PrefabInternal: {fileID: 100100000}
  m_GameObject: {fileID: 181606}
  m_Material: {fileID: 0}
  m_IsTrigger: 1
  m_Enabled: 1
  serializedVersion: 2
  m_Size: {x: 176, y: 74, z: 0}
  m_Center: {x: 0, y: 0, z: 0}
--- !u!65 &6549982
BoxCollider:
  m_ObjectHideFlags: 1
  m_PrefabParentObject: {fileID: 0}
  m_PrefabInternal: {fileID: 100100000}
  m_GameObject: {fileID: 128808}
  m_Material: {fileID: 0}
  m_IsTrigger: 1
  m_Enabled: 1
  serializedVersion: 2
  m_Size: {x: 176, y: 74, z: 0}
  m_Center: {x: 0, y: 0, z: 0}
--- !u!65 &6582406
BoxCollider:
  m_ObjectHideFlags: 1
  m_PrefabParentObject: {fileID: 0}
  m_PrefabInternal: {fileID: 100100000}
  m_GameObject: {fileID: 147794}
  m_Material: {fileID: 0}
  m_IsTrigger: 1
  m_Enabled: 1
  serializedVersion: 2
  m_Size: {x: 176, y: 74, z: 0}
  m_Center: {x: 0, y: 0, z: 0}
--- !u!65 &6588736
BoxCollider:
  m_ObjectHideFlags: 1
  m_PrefabParentObject: {fileID: 0}
  m_PrefabInternal: {fileID: 100100000}
  m_GameObject: {fileID: 178632}
  m_Material: {fileID: 0}
  m_IsTrigger: 1
  m_Enabled: 1
  serializedVersion: 2
  m_Size: {x: 176, y: 74, z: 0}
  m_Center: {x: 0, y: 0, z: 0}
--- !u!114 &11400748
MonoBehaviour:
  m_ObjectHideFlags: 1
  m_PrefabParentObject: {fileID: 0}
  m_PrefabInternal: {fileID: 100100000}
  m_GameObject: {fileID: 178632}
  m_Enabled: 1
  m_EditorHideFlags: 0
  m_Script: {fileID: 11500000, guid: 1b3dc54f924693f41b5cbecb267e647a, type: 3}
  m_Name: 
  m_EditorClassIdentifier: 
  leftAnchor:
    target: {fileID: 0}
    relative: 0
    absolute: -188
  rightAnchor:
    target: {fileID: 0}
    relative: 1
    absolute: -12
  bottomAnchor:
    target: {fileID: 0}
    relative: 0
    absolute: 57
  topAnchor:
    target: {fileID: 0}
    relative: 1
    absolute: 131
  updateAnchors: 1
  mColor: {r: 1, g: 1, b: 1, a: 1}
  mPivot: 4
  mWidth: 176
  mHeight: 74
  mDepth: 15
  autoResizeBoxCollider: 1
  hideIfOffScreen: 0
  keepAspectRatio: 0
  aspectRatio: 2.3783784
  mType: 0
  mFillDirection: 4
  mFillAmount: 1
  mInvert: 0
  mFlip: 0
  centerType: 1
  leftType: 1
  rightType: 1
  bottomType: 1
  topType: 1
  mAtlas: {fileID: 11433190, guid: 8bb7231899a564ceeb1f13194b03effe, type: 2}
  mSpriteName: start_btn
  mFillCenter: 1
--- !u!114 &11403506
MonoBehaviour:
  m_ObjectHideFlags: 1
  m_PrefabParentObject: {fileID: 0}
  m_PrefabInternal: {fileID: 100100000}
  m_GameObject: {fileID: 181606}
  m_Enabled: 1
  m_EditorHideFlags: 0
  m_Script: {fileID: 11500000, guid: 1fdca5042b1d12a4890ec1bd4f04290d, type: 3}
  m_Name: 
  m_EditorClassIdentifier: 
  tweenTarget: {fileID: 181606}
  hover: {r: 1, g: 1, b: 1, a: 1}
  pressed: {r: 0.7294118, g: 0.7294118, b: 0.7294118, a: 1}
  disabledColor: {r: 0.5, g: 0.5, b: 0.5, a: 1}
  duration: 0.2
  dragHighlight: 0
  hoverSprite: 
  pressedSprite: 
  disabledSprite: 
  hoverSprite2D: {fileID: 0}
  pressedSprite2D: {fileID: 0}
  disabledSprite2D: {fileID: 0}
  pixelSnap: 0
  onClick:
  - mTarget: {fileID: 0}
    mMethodName: OnTutorialSkipButtonClick
    mParameters: []
    oneShot: 0
--- !u!114 &11406924
MonoBehaviour:
  m_ObjectHideFlags: 1
  m_PrefabParentObject: {fileID: 0}
  m_PrefabInternal: {fileID: 100100000}
  m_GameObject: {fileID: 128808}
  m_Enabled: 1
  m_EditorHideFlags: 0
  m_Script: {fileID: 11500000, guid: 1fdca5042b1d12a4890ec1bd4f04290d, type: 3}
  m_Name: 
  m_EditorClassIdentifier: 
  tweenTarget: {fileID: 128808}
  hover: {r: 1, g: 1, b: 1, a: 1}
  pressed: {r: 0.7294118, g: 0.7294118, b: 0.7294118, a: 1}
  disabledColor: {r: 0.5, g: 0.5, b: 0.5, a: 1}
  duration: 0.2
  dragHighlight: 0
  hoverSprite: 
  pressedSprite: 
  disabledSprite: 
  hoverSprite2D: {fileID: 0}
  pressedSprite2D: {fileID: 0}
  disabledSprite2D: {fileID: 0}
  pixelSnap: 0
  onClick:
  - mTarget: {fileID: 0}
    mMethodName: OnTutorialSkipButtonClick
    mParameters: []
    oneShot: 0
--- !u!114 &11408054
MonoBehaviour:
  m_ObjectHideFlags: 1
  m_PrefabParentObject: {fileID: 0}
  m_PrefabInternal: {fileID: 100100000}
  m_GameObject: {fileID: 181606}
  m_Enabled: 1
  m_EditorHideFlags: 0
  m_Script: {fileID: 11500000, guid: 1b3dc54f924693f41b5cbecb267e647a, type: 3}
  m_Name: 
  m_EditorClassIdentifier: 
  leftAnchor:
    target: {fileID: 0}
    relative: 0
    absolute: 12
  rightAnchor:
    target: {fileID: 0}
    relative: 1
    absolute: 188
  bottomAnchor:
    target: {fileID: 0}
    relative: 0
    absolute: 57
  topAnchor:
    target: {fileID: 0}
    relative: 1
    absolute: 131
  updateAnchors: 1
  mColor: {r: 1, g: 1, b: 1, a: 1}
  mPivot: 4
  mWidth: 176
  mHeight: 74
  mDepth: 15
  autoResizeBoxCollider: 1
  hideIfOffScreen: 0
  keepAspectRatio: 0
  aspectRatio: 2.3783784
  mType: 0
  mFillDirection: 4
  mFillAmount: 1
  mInvert: 0
  mFlip: 0
  centerType: 1
  leftType: 1
  rightType: 1
  bottomType: 1
  topType: 1
  mAtlas: {fileID: 11433190, guid: 8bb7231899a564ceeb1f13194b03effe, type: 2}
  mSpriteName: skip_btn
  mFillCenter: 1
--- !u!114 &11408974
MonoBehaviour:
  m_ObjectHideFlags: 1
  m_PrefabParentObject: {fileID: 0}
  m_PrefabInternal: {fileID: 100100000}
  m_GameObject: {fileID: 128808}
  m_Enabled: 1
  m_EditorHideFlags: 0
  m_Script: {fileID: 11500000, guid: 1b3dc54f924693f41b5cbecb267e647a, type: 3}
  m_Name: 
  m_EditorClassIdentifier: 
  leftAnchor:
    target: {fileID: 449596}
    relative: 0.5
    absolute: 12
  rightAnchor:
    target: {fileID: 449596}
    relative: 0.5
    absolute: 188
  bottomAnchor:
    target: {fileID: 449596}
    relative: 0
    absolute: 57
  topAnchor:
    target: {fileID: 449596}
    relative: 0
    absolute: 131
  updateAnchors: 1
  mColor: {r: 1, g: 1, b: 1, a: 1}
  mPivot: 4
  mWidth: 176
  mHeight: 74
  mDepth: 15
  autoResizeBoxCollider: 1
  hideIfOffScreen: 0
  keepAspectRatio: 0
  aspectRatio: 2.3783784
  mType: 0
  mFillDirection: 4
  mFillAmount: 1
  mInvert: 0
  mFlip: 0
  centerType: 1
  leftType: 1
  rightType: 1
  bottomType: 1
  topType: 1
  mAtlas: {fileID: 11433190, guid: 8bb7231899a564ceeb1f13194b03effe, type: 2}
  mSpriteName: skip_btn
  mFillCenter: 1
--- !u!114 &11416936
MonoBehaviour:
  m_ObjectHideFlags: 1
  m_PrefabParentObject: {fileID: 0}
  m_PrefabInternal: {fileID: 100100000}
  m_GameObject: {fileID: 178632}
  m_Enabled: 1
  m_EditorHideFlags: 0
  m_Script: {fileID: 11500000, guid: 7d44bc69c2ca5f943b845318866dc1bd, type: 3}
  m_Name: 
  m_EditorClassIdentifier: 
  audioClip: {fileID: 8300000, guid: 3fe8891eb02dc4b4aa7f6b75f76b3894, type: 3}
  trigger: 4
  volume: 1
  pitch: 1
--- !u!114 &11420902
MonoBehaviour:
  m_ObjectHideFlags: 1
  m_PrefabParentObject: {fileID: 0}
  m_PrefabInternal: {fileID: 100100000}
  m_GameObject: {fileID: 181606}
  m_Enabled: 1
  m_EditorHideFlags: 0
  m_Script: {fileID: 11500000, guid: 7d44bc69c2ca5f943b845318866dc1bd, type: 3}
  m_Name: 
  m_EditorClassIdentifier: 
  audioClip: {fileID: 8300000, guid: 3fe8891eb02dc4b4aa7f6b75f76b3894, type: 3}
  trigger: 4
  volume: 1
  pitch: 1
--- !u!114 &11422174
MonoBehaviour:
  m_ObjectHideFlags: 1
  m_PrefabParentObject: {fileID: 0}
  m_PrefabInternal: {fileID: 100100000}
  m_GameObject: {fileID: 147794}
  m_Enabled: 1
  m_EditorHideFlags: 0
  m_Script: {fileID: 11500000, guid: 1b3dc54f924693f41b5cbecb267e647a, type: 3}
  m_Name: 
  m_EditorClassIdentifier: 
  leftAnchor:
    target: {fileID: 449596}
    relative: 0.5
    absolute: -188
  rightAnchor:
    target: {fileID: 449596}
    relative: 0.5
    absolute: -12
  bottomAnchor:
    target: {fileID: 449596}
    relative: 0
    absolute: 57
  topAnchor:
    target: {fileID: 449596}
    relative: 0
    absolute: 131
  updateAnchors: 1
  mColor: {r: 1, g: 1, b: 1, a: 1}
  mPivot: 4
  mWidth: 176
  mHeight: 74
  mDepth: 15
  autoResizeBoxCollider: 1
  hideIfOffScreen: 0
  keepAspectRatio: 0
  aspectRatio: 2.3783784
  mType: 0
  mFillDirection: 4
  mFillAmount: 1
  mInvert: 0
  mFlip: 0
  centerType: 1
  leftType: 1
  rightType: 1
  bottomType: 1
  topType: 1
  mAtlas: {fileID: 11433190, guid: 8bb7231899a564ceeb1f13194b03effe, type: 2}
  mSpriteName: start_btn
  mFillCenter: 1
--- !u!114 &11422930
MonoBehaviour:
  m_ObjectHideFlags: 1
  m_PrefabParentObject: {fileID: 0}
  m_PrefabInternal: {fileID: 100100000}
  m_GameObject: {fileID: 128808}
  m_Enabled: 1
  m_EditorHideFlags: 0
  m_Script: {fileID: 11500000, guid: 7d44bc69c2ca5f943b845318866dc1bd, type: 3}
  m_Name: 
  m_EditorClassIdentifier: 
  audioClip: {fileID: 8300000, guid: 3fe8891eb02dc4b4aa7f6b75f76b3894, type: 3}
  trigger: 4
  volume: 1
  pitch: 1
--- !u!114 &11435336
MonoBehaviour:
  m_ObjectHideFlags: 1
  m_PrefabParentObject: {fileID: 0}
  m_PrefabInternal: {fileID: 100100000}
  m_GameObject: {fileID: 170146}
  m_Enabled: 1
  m_EditorHideFlags: 0
  m_Script: {fileID: 11500000, guid: d5c5ca47aa5c01740810b7c66662099f, type: 3}
  m_Name: 
  m_EditorClassIdentifier: 
  leftAnchor:
    target: {fileID: 449596}
    relative: 0.5
    absolute: -362
  rightAnchor:
    target: {fileID: 449596}
    relative: 0.5
    absolute: 362
  bottomAnchor:
    target: {fileID: 449596}
    relative: 0.5
    absolute: -161
  topAnchor:
    target: {fileID: 449596}
    relative: 0.5
    absolute: 123
  updateAnchors: 1
  mColor: {r: 1, g: 1, b: 1, a: 1}
  mPivot: 4
  mWidth: 724
  mHeight: 284
  mDepth: 14
  autoResizeBoxCollider: 0
  hideIfOffScreen: 0
  keepAspectRatio: 0
  aspectRatio: 2.5492957
  mType: 0
  mFillDirection: 4
  mFillAmount: 1
  mInvert: 0
  mFlip: 0
  centerType: 1
  leftType: 1
  rightType: 1
  bottomType: 1
  topType: 1
  mRect:
    serializedVersion: 2
    x: 0
    y: 0
    width: 1
    height: 1
  mTexture: {fileID: 2800000, guid: 222426678da7d475993df8fcd64ca7d2, type: 3}
  mMat: {fileID: 0}
  mShader: {fileID: 4800000, guid: e75727d9555d9d14ca51d91908c681bc, type: 3}
  mBorder: {x: 0, y: 0, z: 0, w: 0}
  mFixedAspect: 0
--- !u!114 &11441434
MonoBehaviour:
  m_ObjectHideFlags: 1
  m_PrefabParentObject: {fileID: 0}
  m_PrefabInternal: {fileID: 100100000}
  m_GameObject: {fileID: 114198}
  m_Enabled: 1
  m_EditorHideFlags: 0
  m_Script: {fileID: 11500000, guid: 858a20c1b21a3f94bb5b2d3b901c9aaf, type: 3}
  m_Name: 
  m_EditorClassIdentifier: 
  leftAnchor:
    target: {fileID: 449596}
    relative: 0.5
    absolute: -50
  rightAnchor:
    target: {fileID: 449596}
    relative: 0.5
    absolute: 50
  bottomAnchor:
    target: {fileID: 449596}
    relative: 0
    absolute: 44
  topAnchor:
    target: {fileID: 449596}
    relative: 0
    absolute: 144
  updateAnchors: 1
  mColor: {r: 1, g: 1, b: 1, a: 1}
  mPivot: 4
  mWidth: 100
  mHeight: 100
  mDepth: 0
  autoResizeBoxCollider: 0
  hideIfOffScreen: 0
  keepAspectRatio: 0
  aspectRatio: 1
--- !u!114 &11446288
MonoBehaviour:
  m_ObjectHideFlags: 1
  m_PrefabParentObject: {fileID: 0}
  m_PrefabInternal: {fileID: 100100000}
  m_GameObject: {fileID: 114198}
  m_Enabled: 1
  m_EditorHideFlags: 0
  m_Script: {fileID: 11500000, guid: 07c4de3b4b6fe9045b059ee627c100df, type: 3}
  m_Name: 
  m_EditorClassIdentifier: 
  arrangement: 0
  sorting: 0
  pivot: 4
  maxPerLine: 0
  cellWidth: 200
  cellHeight: 0
  animateSmoothly: 0
  hideInactive: 1
  keepWithinPanel: 0
  sorted: 0
--- !u!114 &11453172
MonoBehaviour:
  m_ObjectHideFlags: 1
  m_PrefabParentObject: {fileID: 0}
  m_PrefabInternal: {fileID: 100100000}
  m_GameObject: {fileID: 147794}
  m_Enabled: 1
  m_EditorHideFlags: 0
  m_Script: {fileID: 11500000, guid: 1fdca5042b1d12a4890ec1bd4f04290d, type: 3}
  m_Name: 
  m_EditorClassIdentifier: 
  tweenTarget: {fileID: 147794}
  hover: {r: 1, g: 1, b: 1, a: 1}
  pressed: {r: 0.7294118, g: 0.7294118, b: 0.7294118, a: 1}
  disabledColor: {r: 0.5, g: 0.5, b: 0.5, a: 1}
  duration: 0.2
  dragHighlight: 0
  hoverSprite: 
  pressedSprite: 
  disabledSprite: 
  hoverSprite2D: {fileID: 0}
  pressedSprite2D: {fileID: 0}
  disabledSprite2D: {fileID: 0}
  pixelSnap: 0
  onClick:
  - mTarget: {fileID: 0}
    mMethodName: OnTutorialOkButtonClick
    mParameters: []
    oneShot: 0
--- !u!114 &11455300
MonoBehaviour:
  m_ObjectHideFlags: 1
  m_PrefabParentObject: {fileID: 0}
  m_PrefabInternal: {fileID: 100100000}
  m_GameObject: {fileID: 112288}
  m_Enabled: 1
  m_EditorHideFlags: 0
  m_Script: {fileID: 11500000, guid: 1b3dc54f924693f41b5cbecb267e647a, type: 3}
  m_Name: 
  m_EditorClassIdentifier: 
  leftAnchor:
    target: {fileID: 449596}
    relative: 1
    absolute: -271
  rightAnchor:
    target: {fileID: 449596}
    relative: 1
    absolute: -15
  bottomAnchor:
    target: {fileID: 449596}
    relative: 0
    absolute: 0
  topAnchor:
    target: {fileID: 449596}
    relative: 0
    absolute: 40
  updateAnchors: 1
  mColor: {r: 1, g: 1, b: 1, a: 1}
  mPivot: 4
  mWidth: 256
  mHeight: 40
  mDepth: 16
  autoResizeBoxCollider: 0
  hideIfOffScreen: 0
  keepAspectRatio: 0
  aspectRatio: 6.4
  mType: 0
  mFillDirection: 4
  mFillAmount: 1
  mInvert: 0
  mFlip: 0
  centerType: 1
  leftType: 1
  rightType: 1
  bottomType: 1
  topType: 1
  mAtlas: {fileID: 11433190, guid: 8bb7231899a564ceeb1f13194b03effe, type: 2}
  mSpriteName: p1
  mFillCenter: 1
--- !u!114 &11468646
MonoBehaviour:
  m_ObjectHideFlags: 1
  m_PrefabParentObject: {fileID: 0}
  m_PrefabInternal: {fileID: 100100000}
  m_GameObject: {fileID: 113176}
  m_Enabled: 1
  m_EditorHideFlags: 0
  m_Script: {fileID: 11500000, guid: d5c5ca47aa5c01740810b7c66662099f, type: 3}
  m_Name: 
  m_EditorClassIdentifier: 
  leftAnchor:
    target: {fileID: 449596}
    relative: 0.5
    absolute: -301
  rightAnchor:
    target: {fileID: 449596}
    relative: 0.5
    absolute: 331
  bottomAnchor:
    target: {fileID: 449596}
    relative: 1
    absolute: -176
  topAnchor:
    target: {fileID: 449596}
    relative: 1
    absolute: -18
  updateAnchors: 1
  mColor: {r: 1, g: 1, b: 1, a: 1}
  mPivot: 4
  mWidth: 632
  mHeight: 158
  mDepth: 14
  autoResizeBoxCollider: 0
  hideIfOffScreen: 0
  keepAspectRatio: 0
  aspectRatio: 4
  mType: 0
  mFillDirection: 4
  mFillAmount: 1
  mInvert: 0
  mFlip: 0
  centerType: 1
  leftType: 1
  rightType: 1
  bottomType: 1
  topType: 1
  mRect:
    serializedVersion: 2
    x: 0
    y: 0
    width: 1
    height: 1
  mTexture: {fileID: 2800000, guid: a8004de789c034294b755d32a19a4e75, type: 3}
  mMat: {fileID: 0}
  mShader: {fileID: 4800000, guid: e75727d9555d9d14ca51d91908c681bc, type: 3}
  mBorder: {x: 0, y: 0, z: 0, w: 0}
  mFixedAspect: 0
--- !u!114 &11481284
MonoBehaviour:
  m_ObjectHideFlags: 1
  m_PrefabParentObject: {fileID: 0}
  m_PrefabInternal: {fileID: 100100000}
  m_GameObject: {fileID: 138892}
  m_Enabled: 1
  m_EditorHideFlags: 0
  m_Script: {fileID: 11500000, guid: ae942c9068183dc40a9d01f648273726, type: 3}
  m_Name: 
  m_EditorClassIdentifier: 
  leftAnchor:
    target: {fileID: 0}
    relative: 0
    absolute: 0
  rightAnchor:
    target: {fileID: 0}
    relative: 1
    absolute: 0
  bottomAnchor:
    target: {fileID: 0}
    relative: 0
    absolute: 0
  topAnchor:
    target: {fileID: 0}
    relative: 1
    absolute: 0
  updateAnchors: 1
  showInPanelTool: 1
  generateNormals: 0
  widgetsAreStatic: 0
  cullWhileDragging: 1
  alwaysOnScreen: 0
  anchorOffset: 0
  softBorderPadding: 1
  renderQueue: 0
  startingRenderQueue: 3000
  mClipTexture: {fileID: 0}
  mAlpha: 1
  mClipping: 0
  mClipRange: {x: 0, y: 0, z: 300, w: 200}
  mClipSoftness: {x: 4, y: 4}
  mDepth: 0
  mSortingOrder: 0
  mClipOffset: {x: 0, y: 0}
--- !u!114 &11483194
MonoBehaviour:
  m_ObjectHideFlags: 1
  m_PrefabParentObject: {fileID: 0}
  m_PrefabInternal: {fileID: 100100000}
  m_GameObject: {fileID: 178632}
  m_Enabled: 1
  m_EditorHideFlags: 0
  m_Script: {fileID: 11500000, guid: 1fdca5042b1d12a4890ec1bd4f04290d, type: 3}
  m_Name: 
  m_EditorClassIdentifier: 
  tweenTarget: {fileID: 178632}
  hover: {r: 1, g: 1, b: 1, a: 1}
  pressed: {r: 0.7294118, g: 0.7294118, b: 0.7294118, a: 1}
  disabledColor: {r: 0.5, g: 0.5, b: 0.5, a: 1}
  duration: 0.2
  dragHighlight: 0
  hoverSprite: 
  pressedSprite: 
  disabledSprite: 
  hoverSprite2D: {fileID: 0}
  pressedSprite2D: {fileID: 0}
  disabledSprite2D: {fileID: 0}
  pixelSnap: 0
  onClick:
  - mTarget: {fileID: 0}
    mMethodName: OnTutorialOkButtonClick
    mParameters: []
    oneShot: 0
--- !u!114 &11489152
MonoBehaviour:
  m_ObjectHideFlags: 1
  m_PrefabParentObject: {fileID: 0}
  m_PrefabInternal: {fileID: 100100000}
  m_GameObject: {fileID: 147794}
  m_Enabled: 1
  m_EditorHideFlags: 0
  m_Script: {fileID: 11500000, guid: 7d44bc69c2ca5f943b845318866dc1bd, type: 3}
  m_Name: 
  m_EditorClassIdentifier: 
  audioClip: {fileID: 8300000, guid: 3fe8891eb02dc4b4aa7f6b75f76b3894, type: 3}
  trigger: 4
  volume: 1
  pitch: 1
--- !u!114 &11490272
MonoBehaviour:
  m_ObjectHideFlags: 1
  m_PrefabParentObject: {fileID: 0}
  m_PrefabInternal: {fileID: 100100000}
  m_GameObject: {fileID: 130156}
  m_Enabled: 1
  m_EditorHideFlags: 0
  m_Script: {fileID: 11500000, guid: 1b3dc54f924693f41b5cbecb267e647a, type: 3}
  m_Name: 
  m_EditorClassIdentifier: 
  leftAnchor:
    target: {fileID: 449596}
    relative: 0.5
    absolute: -156
  rightAnchor:
    target: {fileID: 449596}
    relative: 0.5
    absolute: 156
  bottomAnchor:
    target: {fileID: 449596}
    relative: 0.5
    absolute: -112
  topAnchor:
    target: {fileID: 449596}
    relative: 0.5
    absolute: 112
  updateAnchors: 1
  mColor: {r: 1, g: 1, b: 1, a: 1}
  mPivot: 4
  mWidth: 312
  mHeight: 224
  mDepth: 0
  autoResizeBoxCollider: 0
  hideIfOffScreen: 0
  keepAspectRatio: 0
  aspectRatio: 1.3928572
  mType: 0
  mFillDirection: 4
  mFillAmount: 1
  mInvert: 0
  mFlip: 0
  centerType: 1
  leftType: 1
  rightType: 1
  bottomType: 1
  topType: 1
  mAtlas: {fileID: 11486576, guid: 03e755a264b10614a85f117ce5848dde, type: 2}
  mSpriteName: aim
  mFillCenter: 1
--- !u!1001 &100100000
Prefab:
  m_ObjectHideFlags: 1
  serializedVersion: 2
  m_Modification:
    m_TransformParent: {fileID: 0}
    m_Modifications: []
    m_RemovedComponents: []
  m_ParentPrefab: {fileID: 0}
  m_RootGameObject: {fileID: 138892}
  m_IsPrefabParent: 1
